<record><leader>00000cas a22000007a 4500</leader><controlfield tag="001">32493142</controlfield><controlfield tag="008">950517d19031940nyuwr ne      0    0eng d</controlfield><datafield ind1=" " ind2=" " tag="010"><subfield code="a">sn 95071136 </subfield></datafield><datafield ind1=" " ind2=" " tag="040"><subfield code="a">NYS</subfield><subfield code="b">eng</subfield><subfield code="c">NYS</subfield><subfield code="d">OCLCQ</subfield></datafield><datafield ind1=" " ind2=" " tag="042"><subfield code="a">msc</subfield></datafield><datafield ind1="0" ind2=" " tag="130"><subfield code="a">Port Washington news (Port Washington, N.Y. : 1903)</subfield></datafield><datafield ind1="1" ind2="0" tag="245"><subfield code="a">Port Washington news.</subfield></datafield><datafield ind1=" " ind2=" " tag="260"><subfield code="a">Port Washington, L.I., N.Y. :</subfield><subfield code="b">The News</subfield></datafield><datafield ind1=" " ind2=" " tag="300"><subfield code="a">v.</subfield></datafield><datafield ind1=" " ind2=" " tag="310"><subfield code="a">Weekly</subfield></datafield><datafield ind1="0" ind2=" " tag="362"><subfield code="a">[Vol. 1, no. 1] (Jan. 23, 1903)-</subfield></datafield><datafield ind1="1" ind2=" " tag="362"><subfield code="a">Ceased in 1940?</subfield></datafield><datafield ind1=" " ind2=" " tag="500"><subfield code="a">Publishers: The News, 1903-&lt;1904&gt;; William H. Hyde, &lt;1913&gt;; Port Press, &lt;1932&gt;.</subfield></datafield><datafield ind1=" " ind2=" " tag="500"><subfield code="a">Editors: William M. Hyde, &lt;1903-1913&gt;; Charles D. Lewis, &lt;1932-1938&gt;.</subfield></datafield><datafield ind1=" " ind2=" " tag="500"><subfield code="a">"Official newspaper, Town of North Hempstead ... Incorporated Village of Baxter Estates, Incorporated Village of Plandome, N.Y., Incorporated Village of Port Washington North," &lt;1932&gt;.</subfield></datafield><datafield ind1=" " ind2=" " tag="500"><subfield code="a">"Official newspaper, Town of North Hempstead, Incorporated Village of Baxter Estates, Incorporated Village of Port Washington North, Incorporated Village of Manorhaven, Incorporated Village of Flower Hill," &lt;1938&gt;.</subfield></datafield><datafield ind1=" " ind2=" " tag="500"><subfield code="a">"Official newspaper, Incorporated Village of Baxter Estates, Incorporated Village of Port Washington North, Incorporated Village of Manorhaven, Incorporated Village of Sands Point," &lt;1939&gt;.</subfield></datafield><datafield ind1=" " ind2="4" tag="651"><subfield code="a">Port Washington (N.Y.)</subfield><subfield code="v">Newspapers.</subfield></datafield><datafield ind1=" " ind2="4" tag="651"><subfield code="a">Baxter Estates (N.Y.)</subfield><subfield code="x">Newspapers</subfield><subfield code="y">&lt;1932-1939&gt;</subfield></datafield><datafield ind1=" " ind2="4" tag="651"><subfield code="a">Plandome (N.Y.)</subfield><subfield code="x">Newspapers</subfield><subfield code="y">&lt;1932&gt;</subfield></datafield><datafield ind1=" " ind2="4" tag="651"><subfield code="a">Port Washington North (N.Y.)</subfield><subfield code="x">Newspapers</subfield><subfield code="y">&lt;1932-1939&gt;</subfield></datafield><datafield ind1=" " ind2="4" tag="651"><subfield code="a">Manorhaven (N.Y.)</subfield><subfield code="x">Newspapers</subfield><subfield code="y">&lt;1938-1939&gt;</subfield></datafield><datafield ind1=" " ind2="4" tag="651"><subfield code="a">Flower Hill (N.Y.)</subfield><subfield code="x">Newspapers</subfield><subfield code="y">&lt;1938&gt;</subfield></datafield><datafield ind1=" " ind2="4" tag="651"><subfield code="a">Sands Point (N.Y.)</subfield><subfield code="x">Newspapers</subfield><subfield code="y">&lt;1939&gt;</subfield></datafield><datafield ind1=" " ind2="4" tag="651"><subfield code="a">North Hempstead (N.Y. : Town)</subfield><subfield code="x">Newspapers</subfield><subfield code="y">&lt;1932-1938&gt;</subfield></datafield><datafield ind1=" " ind2="4" tag="651"><subfield code="a">Nassau County (N.Y.)</subfield><subfield code="v">Newspapers.</subfield></datafield><datafield ind1=" " ind2=" " tag="752"><subfield code="a">United States</subfield><subfield code="b">New York</subfield><subfield code="c">Nassau</subfield><subfield code="d">Port Washington.</subfield></datafield><datafield ind1="0" ind2="7" tag="785"><subfield code="t">Port Washington times post</subfield><subfield code="w">(DLC)sn 95071135</subfield></datafield><datafield ind1="0" ind2="7" tag="785"><subfield code="t">Port Washington news and Port Washington times post</subfield><subfield code="w">(DLC)sn 95071137</subfield></datafield><datafield ind1="1" ind2=" " tag="029"><subfield code="a">AU@</subfield><subfield code="b">000011738090</subfield></datafield></record>